%% This BibTeX bibliography file was created using BibDesk.
%% http://bibdesk.sourceforge.net/


%% Created for Adriano Fagiolini at 2012-09-25 21:30:58 +0200 


%% Saved with string encoding Unicode (UTF-8) 


@comment{jabref-meta: selector_journal:}
@comment{jabref-meta: selector_author:}
@comment{jabref-meta: selector_keywords:}
@comment{jabref-meta: selector_publisher:}
@comment{jabref-meta: selector_journal:}
@comment{jabref-meta: selector_author:}
@comment{jabref-meta: selector_keywords:}
@comment{jabref-meta: selector_publisher:}
@comment{jabref-meta: selector_journal:}
@comment{jabref-meta: selector_author:}
@comment{jabref-meta: selector_keywords:}
@comment{jabref-meta: selector_publisher:}
@comment{jabref-meta: selector_journal:}
@comment{jabref-meta: selector_author:}
@comment{jabref-meta: selector_keywords:}
@comment{jabref-meta: selector_publisher:}
@comment{jabref-meta: selector_journal:}
@comment{jabref-meta: selector_author:}
@comment{jabref-meta: selector_keywords:}
@comment{jabref-meta: selector_publisher:}


@string{case = {Proc. IEEE Intl. Conf. on Automation Science and Engineering}}

@string{cdc = {Proc. IEEE Intl. Conf. on Decision and Control}}

@string{icra = {Proc. IEEE Intl. Conf. on Robotics and Automation}}

@string{iros = {Proc. IEEE Intl. Conf. on Intelligent Robots and Systems}}

@string{tac = {IEEE Trans. on Automatic Control}}

@string{tra = {IEEE Trans. on Robotics and Automation}}

@string{tro = {IEEE Trans. on Robotics}}


@book{Lynch-book,
	Address = {San Francisco, CA, USA},
	Author = {Lynch, Nancy A.},
	Date-Added = {2012-09-25 19:30:52 +0000},
	Date-Modified = {2012-09-25 19:30:52 +0000},
	Isbn = {1558603484},
	Publisher = {Morgan Kaufmann Publishers Inc.},
	Title = {Distributed Algorithms},
	Year = {1996}}



@article{bertsekas1991sap,
	Author = {Bertsekas, D.P. and Tsitsiklis, J.N.},
	Date-Added = {2009-03-08 23:40:28 +0100},
	Date-Modified = {2009-03-14 22:40:41 +0100},
	Journal = {Automatica},
	Number = {1},
	Pages = {3--21},
	Publisher = {Pergamon Press, Inc. Tarrytown, NY, USA},
	Title = {A survey of some aspects of the parallel and distributed iterative algorithms},
	Volume = {27},
	Year = {1991}}

@article{ram10-bfp,
	Author = {A. Bicchi and A. Fagiolini and L. Pallottino},
	Journal = {IEEE Robotics and Automation Magazine},
	Year = {2010},
	Title = {Towards a Society of Robots: Behaviors, Misbehaviors, and Security}
	}
	
@inproceedings{exampleIDS,
	author =       {Y. Yuan Li and L. E. Parker},
	title =        {Intruder detection using a wireless sensor network with an intelligent mobile robot response},
    crossref =     {exampleIDSConf},
    booktitle = {Southeastcon, 2008. IEEE}
	}	
	
@proceedings{exampleIDSConf,
  title =        {Southeastcon, 2008. IEEE},
  venue =        {Huntsville, AL, USA},
  month =        apr,
  year =         {2008},
  isbn =         {978-1-4244-1883-1}
	}
	
@inproceedings{IDS1,
	author = {M. Toulouse and B. Quang Minh and P. Curtis},
	booktitle = {The 5th International Conference on IT Convergence and Security},
	year = {2015},
	title = {A consensus based network intrusion detection system},
	address = {Kuala Lumpur, Malaysia}
	}

@inproceedings{IDS2,
	author = {A. P. Grzech},
	booktitle = {14th International Symposium on Artificial Life and Robotics},
	year = {2009},
	title = {Optimal monitoring system for a distributed intrusion detection system},
	address = {Oita, Japan}
	}

@article{IDS3,
	Author = {J. Saranya and G. Padmavathi},
	Journal = {International Journal of Advanced Networking Applications},
	Year = {2015},
	Title = {A Brief Study on Different Intrusions and 
Machine Learning-based Anomaly Detection 
Methods in Wireless Sensor Networks},
	Volume = {6},
	Number = {4},
	Pages = {2414 - 2421}
	}

@article{HierarchicalIDS,
	Author = {M. S. Islam Mamun and A. F. M. Sultanul Kabir},
	Journal = {International Journal of Network Security \& Its Applications},
	Year = {2010},
	Title = {Hierarchical Design Based Intrusion Detection System for Wireless Ad Hoc Sensor Network},
	Volume = {2},
	Number = {3},
	Pages = {102 - 117}
	}	
	
@inproceedings{coordination1,
    author = {Douglas Vail and Manuela Veloso},
    title = {Dynamic Multi-Robot Coordination},
    booktitle = {In Multi-Robot Systems: From Swarms to Intelligent Automata, Volume II},
    year = {2003},
    pages = {87--100},
    publisher = {Kluwer Academic Publishers}
}

@Article{platoon1,
author="Wang, Le Yi
and Syed, Ali
and Yin, Gang George
and Pandya, Abhilash
and Zhang, Hongwei",
title="Control of vehicle platoons for highway safety and efficient utility: Consensus with communications and vehicle dynamics",
journal="Journal of Systems Science and Complexity",
year="2014",
month="Aug",
day="01",
volume="27",
number="4",
pages="605--631",
issn="1559-7067"
}